@article{dalenius1977,
  title={Towards a methodology for statistical disclosure control},
  author={Dalenius, Tore},
  journal={statistik Tidskrift},
  volume={15},
  number={429-444},
  pages={2--1},
  year={1977}
}

@inproceedings{agrawal2001design,
  title={On the design and quantification of privacy preserving data mining algorithms},
  author={Agrawal, Dakshi and Aggarwal, Charu C},
  booktitle={Proceedings of the twentieth ACM SIGMOD-SIGACT-SIGART symposium on Principles of database systems},
  pages={247--255},
  year={2001},
  organization={ACM}
}

@inproceedings{dwork2004privacy,
  title={Privacy-preserving datamining on vertically partitioned databases},
  author={Dwork, Cynthia and Nissim, Kobbi},
  booktitle={CRYPTO},
  volume={3152},
  pages={528--544},
  year={2004},
  organization={Springer}
}

@inproceedings{Dwork:2006:DP:2097282.2097284,
 author = {Dwork, Cynthia},
 title = {Differential Privacy},
 booktitle = {Proceedings of the 33rd International Conference on Automata, Languages and Programming - Volume Part II},
 series = {ICALP'06},
 year = {2006},
 isbn = {3-540-35907-9, 978-3-540-35907-4},
 location = {Venice, Italy},
 pages = {1--12},
 numpages = {12},
 url = {http://dx.doi.org/10.1007/11787006_1},
 doi = {10.1007/11787006_1},
 acmid = {2097284},
 publisher = {Springer-Verlag},
 address = {Berlin, Heidelberg},
}



@inproceedings{mcsherry2009privacy,
  title={Privacy integrated queries: an extensible platform for privacy-preserving data analysis},
  author={McSherry, Frank D},
  booktitle={Proceedings of the 2009 ACM SIGMOD International Conference on Management of data},
  pages={19--30},
  year={2009},
  organization={ACM}
}

@inproceedings{zhang2011sedic,
  title={Sedic: privacy-aware data intensive computing on hybrid clouds},
  author={Zhang, Kehuan and Zhou, Xiaoyong and Chen, Yangyi and Wang, XiaoFeng and Ruan, Yaoping},
  booktitle={Proceedings of the 18th ACM conference on Computer and communications security},
  pages={515--526},
  year={2011},
  organization={ACM}
}


@inproceedings{haeberlen2011differential,
  title={Differential Privacy Under Fire.},
  author={Haeberlen, Andreas and Pierce, Benjamin C and Narayan, Arjun},
  booktitle={USENIX Security Symposium},
  year={2011}
}

@article{dwork2014algorithmic,
  title={The algorithmic foundations of differential privacy},
  author={Dwork, Cynthia and Roth, Aaron and others},
  journal={Foundations and Trends{\textregistered} in Theoretical Computer Science},
  volume={9},
  number={3--4},
  pages={211--407},
  year={2014},
  publisher={Now Publishers, Inc.}
}

@inproceedings{xu2015framework,
  title={A framework for privacy-aware computing on hybrid clouds with mixed-sensitivity data},
  author={Xu, Xiangqiang and Zhao, Xinghui},
  booktitle={High Performance Computing and Communications (HPCC), 2015 IEEE 7th International Symposium on Cyberspace Safety and Security (CSS), 2015 IEEE 12th International Conferen on Embedded Software and Systems (ICESS), 2015 IEEE 17th International Conference on},
  pages={1344--1349},
  year={2015},
  organization={IEEE}
}
@inproceedings{roy2010airavat,
  title={Airavat: Security and privacy for MapReduce.},
  author={Roy, Indrajit and Setty, Srinath TV and Kilzer, Ann and Shmatikov, Vitaly and Witchel, Emmett},
  booktitle={NSDI},
  volume={10},
  pages={297--312},
  year={2010}
}

@inproceedings{mohan2012gupt,
  title={GUPT: privacy preserving data analysis made easy},
  author={Mohan, Prashanth and Thakurta, Abhradeep and Shi, Elaine and Song, Dawn and Culler, David},
  booktitle={Proceedings of the 2012 ACM SIGMOD International Conference on Management of Data},
  pages={349--360},
  year={2012},
  organization={ACM}
}

@article{ko2011hybrex,
  title={The HybrEx Model for Confidentiality and Privacy in Cloud Computing.},
  author={Ko, Steven Y and Jeon, Kyungho and Morales, Rams{\'e}s},
  journal={HotCloud},
  volume={11},
  pages={8--8},
  year={2011}
}
@article{lbsShu,
author = {Wang, Shu and Min, Jungwon and K Yi, Byung},
year = {2008},
month = {01},
pages = {},
title = {Location Based Services for Mobiles :Technologies and Standards},
booktitle = {Proceedings of IEEE ICC 2008, (Beijing, China)}
}
@article {TGIS:TGIS1152,
author = {Zandbergen, Paul A},
title = {Accuracy of iPhone Locations: A Comparison of Assisted GPS, WiFi and Cellular Positioning},
journal = {Transactions in GIS},
volume = {13},
publisher = {Blackwell Publishing Ltd},
issn = {1467-9671},
url = {http://dx.doi.org/10.1111/j.1467-9671.2009.01152.x},
doi = {10.1111/j.1467-9671.2009.01152.x},
pages = {5--25},
year = {2009},
}


@article{dobson2003geoslavery,
  title={Geoslavery},
  author={Dobson, Jerome E and Fisher, Peter F},
  journal={IEEE Technology and Society Magazine},
  volume={22},
  number={1},
  pages={47--52},
  year={2003},
  publisher={IEEE}
}

@inproceedings{shokri2012protecting,
  title={Protecting location privacy: optimal strategy against localization attacks},
  author={Shokri, Reza and Theodorakopoulos, George and Troncoso, Carmela and Hubaux, Jean-Pierre and Le Boudec, Jean-Yves},
  booktitle={Proceedings of the 2012 ACM conference on Computer and communications security},
  pages={617--627},
  year={2012},
  organization={ACM}
}